% #########################################################################
% ##                        FITXER: bibliografia.bib                     ##
% ##        Contingut: Referències bibliogràfiques del TFM               ##
% #########################################################################



% ------------------------------------------------------------
                    % LLIBRES GENERALS: 
% ------------------------------------------------------------


% Referencia General, LLibre Institut Nacional de Meteorología

@book{inm2004,
  title        = {Redes probabilísticas y neuronales en las ciencias atmosféricas},
  author       = {Gutiérrez, José Manuel and Cano, Rafael and Cofiño, Antonio S. and Sordo, Carmen M.},
  year         = {2004},
  publisher    = {Ministerio de Medio Ambiente},
  address      = {Madrid},
  series       = {Monografías del Instituto Nacional de Meteorología},
  isbn         = {84-8320-281-6}
}


# Referencia General, Llibre time Series Prediction and control

@book{box_jenkins,
  title={Time series analysis: forecasting and control},
  author={Box, George EP and Jenkins, Gwilym M and Reinsel, Gregory C and Ljung, Greta M},
  year={2015},
  publisher={John Wiley \& Sons}
}


% ------------------------------------------------------------



% ------------------------------------------------------------
            % Mètodes Estocàstics i Probabilístics 
                        CADENES MARKOV
% ------------------------------------------------------------


@article{lefebvre2019markov,
  title={Modelling and forecasting temperature and precipitation in Italy},
  author={Lefebvre, Mario},
  journal={Atti della Accademia Peloritana dei Pericolanti-Classe di Scienze Fisiche, Matematiche e Naturali},
  volume={97},
  number={2},
  pages={2},
  year={2019}
}


@article{liu2010application,
  title={Application of Markov chains to analyze and predict the time series},
  author={Liu, Tie},
  journal={Modern Applied Science},
  volume={4},
  number={5},
  pages={162},
  year={2010},
  publisher={Canadian Center of Science and Education}
}

  
@article{gabriel1962markov,
  title={A Markov chain model for daily rainfall occurrence at Tel Aviv},
  author={Gabriel, KR and Neumann, J},
  journal={Quarterly Journal of the Royal Meteorological Society},
  volume={88},
  number={375},
  pages={90--95},
  year={1962},
  publisher={Wiley Online Library}
}


% ------------------------------------------------------------





% ------------------------------------------------------------
            % Mètodes Estadístics Machine Learning
                           ARIMA
% ------------------------------------------------------------


@article{murat2018forecasting,
  title={Forecasting daily meteorological time series using ARIMA and regression models},
  author={Murat, Ma{\l}gorzata and Malinowska, Iwona and Gos, Magdalena and Krzyszczak, Jaromir},
  journal={International agrophysics},
  volume={32},
  number={2},
  year={2018},
  publisher={-}
}


@article{elseidi2024hybrid,
  title={A hybrid Facebook Prophet-ARIMA framework for forecasting high-frequency temperature data},
  author={Elseidi, Mohammed},
  journal={Modeling Earth Systems and Environment},
  volume={10},
  number={2},
  pages={1855--1867},
  year={2024},
  publisher={Springer}
}


@online{ibm_arima,
  author = {{IBM}},
  title = {¿Qué es el modelo ARIMA?},
  year = {2024},
  url = {https://www.ibm.com/es-es/think/topics/arima-model},
  note = {Consulta: 1 de juny de 2025}
}


% ------------------------------------------------------------




% ------------------------------------------------------------
                        % Comparació 
                        ARIMA i LSTM
% ------------------------------------------------------------


@article{tugal2023analysis,
  title={Analysis and forecasting of temperature using time series forecasting methods a case study of Mus},
  author={Tugal, Ihsan and Sevgin, Fatih},
  journal={Thermal Science},
  volume={27},
  number={4 Part B},
  pages={3081--3088},
  year={2023}
}


@article{de2020comparison,
  title={Comparison between arima and deep learning models for temperature forecasting},
  author={De Saa, Eranga and Ranathunga, Lochandaka},
  journal={arXiv preprint arXiv:2011.04452},
  year={2020}
}


@article{koccak2023time,
  title={Time Series Prediction of Temperature Using Seasonal ARIMA and LSTM Models},
  author={Ko{\c{c}}ak, Hakan},
  journal={Gazi M{\"u}hendislik Bilimleri Dergisi},
  volume={9},
  number={3},
  pages={574--584},
  year={2023},
  publisher={Ayd{\i}n KARAPINAR}
}


@article{ozbek2021prediction,
  title={Prediction of 10-min, hourly, and daily atmospheric air temperature: comparison of LSTM, ANFIS-FCM, and ARMA},
  author={Ozbek, Arif and Sekertekin, Aliihsan and Bilgili, Mehmet and Arslan, Niyazi},
  journal={Arabian Journal of Geosciences},
  volume={14},
  pages={1--16},
  year={2021},
  publisher={Springer}
}


% ------------------------------------------------------------





% ------------------------------------------------------------
            % Mètodes Estadístics Deep Learning 
                            LSTM
% ------------------------------------------------------------

@article{lim2021time,
  title={Time-series forecasting with deep learning: a survey},
  author={Lim, Bryan and Zohren, Stefan},
  journal={Philosophical Transactions of the Royal Society A},
  volume={379},
  number={2194},
  pages={20200209},
  year={2021},
  publisher={The Royal Society Publishing}
}


% ------------------------------------------------------------